<record><leader>00000cas a22000007a 4500</leader><controlfield tag="001">19260189</controlfield><controlfield tag="008">890224c1uuu9999aluwr ne      0    0eng d</controlfield><datafield ind1=" " ind2=" " tag="010"><subfield code="a">sn 89050011 </subfield></datafield><datafield ind1=" " ind2=" " tag="040"><subfield code="a">AAR</subfield><subfield code="b">eng</subfield><subfield code="c">AAR</subfield><subfield code="d">CPN</subfield><subfield code="d">OCLCQ</subfield></datafield><datafield ind1=" " ind2=" " tag="042"><subfield code="a">msc</subfield></datafield><datafield ind1="0" ind2="0" tag="245"><subfield code="a">Sumter County journal.</subfield></datafield><datafield ind1=" " ind2=" " tag="260"><subfield code="a">York, Ala. :</subfield><subfield code="b">C.H. Longshore &amp; S.E. Hill</subfield></datafield><datafield ind1=" " ind2=" " tag="300"><subfield code="a">v.</subfield></datafield><datafield ind1=" " ind2=" " tag="310"><subfield code="a">Weekly</subfield></datafield><datafield ind1=" " ind2=" " tag="515"><subfield code="a">Numbering is irregular.</subfield></datafield><datafield ind1=" " ind2=" " tag="588"><subfield code="a">Description based on: New ser. vol. 10, no. 6 (Mar. 4, 1921) = old ser. v. 36.</subfield></datafield><datafield ind1=" " ind2=" " tag="752"><subfield code="a">United States</subfield><subfield code="b">Alabama</subfield><subfield code="c">Sumter</subfield><subfield code="d">York.</subfield></datafield><datafield ind1="0" ind2="5" tag="780"><subfield code="t">Our southern home</subfield><subfield code="w">(DLC)sn 89050012</subfield></datafield></record>